@InProceedings{zhang2023crown,
    author="Zhang, Hanliang
    and David, Cristina
    and Yu, Yijun
    and Wang, Meng",
    title="Ownership Guided C toÂ Rust Translation",
    booktitle="Computer Aided Verification",
    year="2023",
    pages="459--482",
    doi = {10.1007/978-3-031-37709-9_22}
}